<record><leader>00000cas a22000007a 4500</leader><controlfield tag="001">11937716</controlfield><controlfield tag="008">850418d19261971wiudn ne      0    0eng d</controlfield><controlfield tag="009">3770</controlfield><datafield ind1=" " ind2=" " tag="010"><subfield code="a">sn 85040540 </subfield></datafield><datafield ind1=" " ind2=" " tag="040"><subfield code="a">NPV</subfield><subfield code="b">eng</subfield><subfield code="c">NPV</subfield><subfield code="d">DLC</subfield></datafield><datafield ind1="1" ind2=" " tag="029"><subfield code="a">AU@</subfield><subfield code="b">000025802278</subfield></datafield><datafield ind1=" " ind2=" " tag="042"><subfield code="a">msc</subfield></datafield><datafield ind1=" " ind2=" " tag="043"><subfield code="a">n-us-wi</subfield></datafield><datafield ind1=" " ind2=" " tag="045"><subfield code="a">x2x7</subfield></datafield><datafield ind1="0" ind2="0" tag="050"><subfield code="a">Newspaper 7002</subfield></datafield><datafield ind1=" " ind2=" " tag="052"><subfield code="a">4123</subfield><subfield code="b">F6</subfield></datafield><datafield ind1="0" ind2="0" tag="245"><subfield code="a">Fond du Lac commonwealth reporter.</subfield></datafield><datafield ind1=" " ind2=" " tag="260"><subfield code="a">Fond du Lac, Wis. :</subfield><subfield code="b">Reporter Printing,</subfield><subfield code="c">1926-1971.</subfield></datafield><datafield ind1=" " ind2=" " tag="300"><subfield code="a">46 v. :</subfield><subfield code="b">ill. ;</subfield><subfield code="c">58 cm.</subfield></datafield><datafield ind1=" " ind2=" " tag="310"><subfield code="a">Daily (except Sun.)</subfield></datafield><datafield ind1="0" ind2=" " tag="362"><subfield code="a">Oct. 1, 1926-Nov. 15, 1947 ; vol. 22, no. 41 (Nov. 17, 1947)-v. 46, no. 77 (Dec. 31, 1971).</subfield></datafield><datafield ind1=" " ind2=" " tag="530"><subfield code="a">Also available on microfilm from the State Historical Society of Wisconsin.</subfield></datafield><datafield ind1=" " ind2=" " tag="752"><subfield code="a">United States</subfield><subfield code="b">Wisconsin</subfield><subfield code="c">Fond du Lac</subfield><subfield code="d">Fond du Lac.</subfield></datafield><datafield ind1="0" ind2="4" tag="780"><subfield code="t">Daily commonwealth (Fond du Lac, Wis. : 1912)</subfield><subfield code="w">(DLC)sn 85040539</subfield></datafield><datafield ind1="0" ind2="4" tag="780"><subfield code="t">Fond du Lac daily reporter</subfield><subfield code="w">(DLC)sn 85040545</subfield></datafield><datafield ind1="0" ind2="0" tag="785"><subfield code="t">Fond du Lac reporter</subfield><subfield code="w">(DLC)sn 85040541</subfield></datafield></record>